<?xml version="1.0" encoding="UTF-8"?><collection xmlns="http://www.loc.gov/MARC21/slim"><record><leader>00495nam--2200169-i-4500</leader><controlfield tag="001">000016088</controlfield><controlfield tag="002">20161230</controlfield><controlfield tag="005">20161230201031</controlfield><controlfield tag="008">060222s1000------------r-----000-0-rum-d</controlfield><datafield ind1=" " ind2=" " tag="041"><subfield code="a">rum</subfield></datafield><datafield ind1=" " ind2=" " tag="080"><subfield code="a">621.039.61:539.175</subfield></datafield><datafield ind1="1" ind2=" " tag="100"><subfield code="a">Artimovici, L.A</subfield></datafield><datafield ind1="1" ind2="0" tag="245"><subfield code="a">Reactii termonucleare dirijate</subfield><subfield code="b">Traducere din limba rusa dupa editia a doua imbunatatita</subfield><subfield code="c">L.a. artimovici</subfield></datafield><datafield ind1=" " ind2=" " tag="260"><subfield code="a">Bucuresti</subfield><subfield code="b">Editura Tehnica</subfield><subfield code="c">1964</subfield></datafield><datafield ind1=" " ind2=" " tag="300"><subfield code="a">366 P</subfield></datafield><datafield ind1=" " ind2=" " tag="852"><subfield code="a">9769</subfield><subfield code="c">533.9</subfield></datafield><datafield ind1=" " ind2=" " tag="CAT"><subfield code="a">Sys</subfield><subfield code="c">20111011</subfield><subfield code="h">141340</subfield></datafield></record></collection>